@article{daemen2001reijndael,
  title={{Reijndael: The Advanced Encryption Standard}},
  author={Daemen, Joan and Rijmen, Vincent},
  journal={Dr. Dobb's Journal: Software Tools for the Professional Programmer},
  volume={26},
  number={3},
  pages={137--139},
  year={2001},
  publisher={Miller Freeman Inc.}
}


@article{mcgrew2004galois,
  title={{The Galois/counter mode of operation (GCM)}},
  author={McGrew, David and Viega, John},
  journal={submission to NIST Modes of Operation Process},
  volume={20},
  pages={0278--0070},
  year={2004}
}

@misc{nistcall,
    title = {{Submission Requirements and Evaluation Criteria for the Lightweight Cryptography Standardization Process}},
    auther={National Institute for Standardization and Technology (NIST), USA},
    year = {2018},
    note = {\url{https://csrc.nist.gov/CSRC/media/Projects/Lightweight-Cryptography/documents/final-lwc-submission-requirements-august2018.pdf}},
}

@article{turan2019status,
  title={{Status report on the first round of the NIST lightweight cryptography standardization process}},
  author={Turan, Meltem S{\"o}nmez and McKay, Kerry A and {\c{C}}alik, {\c{C}}agdas and Chang, Donghoon and Bassham, Lawrence and others},
  journal={National Institute of Standards and Technology, Gaithersburg, MD, NIST Interagency/Internal Rep.(NISTIR)},
  year={2019}
}

@techreport{turan2021status,
  title={{Status report on the second round of the nist lightweight cryptography standardization process}},
  author={Turan, Meltem S{\"o}nmez and McKay, Kerry and Chang, Donghoon and Calik, Cagdas and Bassham, Lawrence and Kang, Jinkeon and Kelsey, John and others},
  year={2021},
  institution={Technical Report}
}

@inproceedings{shakevsky2022trust,
  title={{Trust Dies in Darkness: Shedding Light on Samsung's TrustZone Keymaster Design}},
  author={Shakevsky, Alon and Ronen, Eyal and Wool, Avishai},
  booktitle = {31st {USENIX} Security Symposium ({USENIX} Security 22)},
  address = {Boston, MA},
  year={2022},
  publisher = {{USENIX} Association},
  month=aug
}

@inproceedings{rogaway2006provable,
  title={{A Provable-Security Treatment of the Key-Wrap Problem}},
  author={Rogaway, Phillip and Shrimpton, Thomas},
  booktitle={Annual International Conference on the Theory and Applications of Cryptographic Techniques},
  pages={373--390},
  year={2006},
  organization={Springer}
}

@article{jean2016deoxys,
  title={{Deoxys v1. 41}},
  author={Jean, J{\'e}r{\'e}my and Nikolic, Ivica and Peyrin, Thomas and Seurin, Yannick},
  journal={Submitted to CAESAR},
  volume={124},
  year={2016}
}

@article{gueron2017aes,
  title={{AES-GCM-SIV: specification and analysis}},
  author={Gueron, Shay and Langley, Adam and Lindell, Yehuda},
  journal={Cryptology ePrint Archive},
  year={2017}
}

@misc{iwataromulus,
  title={{Romulus v1.3. NIST Lightweight Cryptography Project (2021)}},
  author={Iwata, Tetsu and Khairallah, Mustafa and Minematsu, Kazuhiko and Peyrin, Thomas}
}

@article{dobraunig2019elephant,
  title={{Elephant v2. NIST Lightweight Cryptography Project (2021)}},
  author={Beyne, Tim and Chen, Yu Long and Dobraunig, Christoph and Mennink, Bart},
  year={2021}
}

@misc{iso,
title={{ISO/IEC 18033-7: Information security — Encryption algorithms — Part 7: Tweakable block ciphers}},
author={{Technical Committee : ISO/IEC JTC 1/SC 27  Information security, cybersecurity and privacy protection}},
year={2021}
}

@inproceedings{andreeva2014securely,
  title={{How to securely release unverified plaintext in authenticated encryption}},
  author={Andreeva, Elena and Bogdanov, Andrey and Luykx, Atul and Mennink, Bart and Mouha, Nicky and Yasuda, Kan},
  booktitle={International Conference on the Theory and Application of Cryptology and Information Security},
  pages={105--125},
  year={2014},
  organization={Springer}
}


@inproceedings{beierle2016skinny,
  title={{The SKINNY family of block ciphers and its low-latency variant MANTIS}},
  author={Beierle, Christof and Jean, J{\'e}r{\'e}my and K{\"o}lbl, Stefan and Leander, Gregor and Moradi, Amir and Peyrin, Thomas and Sasaki, Yu and Sasdrich, Pascal and Sim, Siang Meng},
  booktitle={Annual International Cryptology Conference},
  pages={123--153},
  year={2016},
  organization={Springer}
}

@article{iwata2020duel,
  title={{Duel of the titans: the romulus and remus families of lightweight AEAD algorithms}},
  author={Iwata, Tetsu and Khairallah, Mustafa and Minematsu, Kazuhiko and Peyrin, Thomas},
  journal={IACR Transactions on Symmetric Cryptology},
  pages={43--120},
  year={2020}
}

@inproceedings{krovetz2011software,
  title={{The Software Performance of Authenticated-Encryption Modes}},
  author={Krovetz, Ted and Rogaway, Phillip},
  booktitle={International Workshop on Fast Software Encryption},
  pages={306--327},
  year={2011},
  organization={Springer}
}

@inproceedings{jean2014tweaks,
  title={Tweaks and keys for block ciphers: the TWEAKEY framework},
  author={Jean, J{\'e}r{\'e}my and Nikoli{\'c}, Ivica and Peyrin, Thomas},
  booktitle={International Conference on the Theory and Application of Cryptology and Information Security},
  pages={274--288},
  year={2014},
  organization={Springer}
}

@inproceedings{khairallah2017looting,
  title={Looting the LUTs: FPGA optimization of AES and AES-like ciphers for authenticated encryption},
  author={Khairallah, Mustafa and Chattopadhyay, Anupam and Peyrin, Thomas},
  booktitle={International Conference on Cryptology in India},
  pages={282--301},
  year={2017},
  organization={Springer}
}

@misc{boyarperlata,
title={{Circuit Minimzation Work}},
note={http://cs-www.cs.yale.edu/homes/peralta/CircuitStuff/CMT.html}
}

@misc{tinyaes,
title={{Tiny AES}},
author={Siam Umar Hussain},
note={https://github.com/siamumar/tinyAES}
}

@inproceedings{liskov2002tweakable,
  title={{Tweakable Block Ciphers}},
  author={Liskov, Moses and Rivest, Ronald L and Wagner, David},
  booktitle={Annual International Cryptology Conference},
  pages={31--46},
  year={2002},
  organization={Springer}
}

@article{kaps2019hardware,
  title={{Hardware API for lightweight cryptography}},
  author={Kaps, Jens-Peter and Diehl, William and Tempelmeier, Michael and Homsirikamol, Ekawat and Gaj, Kris},
  journal={URL https://cryptography. gmu. edu/athena/index. php},
  pages={1--26},
  year={2019}
}

@misc{iverilog,
title={{THE ICARUS VERILOG COMPILATION SYSTEM}},
author={Stephen Williams},
note={https://github.com/steveicarus/iverilog}
}

@misc{benchmarking,
    author       = {Mustafa Khairallah and
		    Thomas Peyrin and
		    Anupam Chattopadhyay},
    title        = {Preliminary Hardware Benchmarking of a Group of Round 2 NIST Lightweight AEAD Candidates},
    howpublished = {Cryptology ePrint Archive, Report 2020/1459},
    year         = {2020},
    note         = {\url{https://ia.cr/2020/1459}},
}

@misc{gmu,
title={{Hardware Benchmarking of CAESAR Candidates}},
note={https://cryptography.gmu.edu/athena/index.php?id=CAESAR}
}

@misc{romulus_site,
title={{Romulus Authenticated Encryption / Hash}},
note={https://romulusae.github.io/romulus/specs}
}